%%%tesisupiita )Tesis: UPIITA-IPN
%Copyright (C) 2017 Juan Carlos GuzmÃ¡n Salgado
%% Griselda SÃ¡nchez Otero
% ------------------------------------------------------------------------
% SAMPLE BIBLIOGRAPHY FILE
% ------------------------------------------------------------------------

@misc{Lunokhod1,
author = {{National Aeronautics and Space Administration}},
title = {Lunokhod 1 - Moon: {NASA} Science .},
year = {2017},
month = {September},
URL = {https://moon.nasa.gov/resources/37/lunokhod-1/},
note = {Accessed: Oct. 2, 2019}
}

@misc{RoverMissions,
author = {{National Aeronautics and Space Administration}},
title = {Mars Exploration Rovers},
year = {2019},
URL = {https://mars.nasa.gov/mars-exploration/missions/mars-exploration-rovers/},
note = {Accessed: Oct. 2, 2019}
}

@misc{MissionOverview,
author = {{NASA}},
title = {Curiosity Rover Mission Overview},
year = {2019},
URL = {https://mars.nasa.gov/msl/mission/overview/},
note = {Accessed: Oct. 2, 2019}
}

@misc{RoverMars2020,
author = {{National Aeronautics and Space Administration}},
title = {{MARS} 2020 Rover},
year = {2019},
URL = {https://mars.nasa.gov/mars2020/},
note = {Accessed: Oct. 2, 2019}
}

@misc{RoverPower,
author = {{National Aeronautics and Space Administration}},
title = {{Rover | Power}},
year = {2019},
URL = {https://mars.nasa.gov/msl/spacecraft/rover/power/},
note = {Accessed: Oct. 2, 2019}
}

@manual{VDI2206,
author = {{Verein Deutscher Ingeniure}},
title = {VDI 2206 Design methodology for mechatronic systems},
edition = {1},
year = {2004}
}

@manual{FBS,
author = {Bob Lightsey},
note = {{Defense Acquisition University}},
title = {Systems Engineering Fundamentals},
year = {2001}
}

@manual{IDEF0,
author = {{Federal Information Processing Standards Publication}},
title = {Integration Definition for Function Modeling (idef0)},
volume = {183},
year = {1993}
}

@article{Esfericidad,
author = {Nathaniel A. Miller, Jason J. Henderson},
title = {Correlating Particle Shape Parameters to Bulk Properties
and Load Stress at Two Water Contents},
doi = {10.2134/agronj2010.0235},
organization = {American Society of Agronomy},
journal = {Agronomy Journal},
volume = 3,
issue = 5,
pages = {1514-1523}
}

@misc{SolidWorks,
title = {SolidWorks},
year = {2018},
author = {{Dassault Systemes}}
}

@article{GripperOS,
title           = {A Low-Cost Open-Source 3-D-Printed
Three-Finger Gripper Platform for Research
and Educational Purposes},
author          = {Kuat Telegenov, Yeidge Tlegenov and Almas Shintemirov},
journal         = {IEEE Access},
year            = {2015}, 
volume          = {3},
pages           = {638-647},
doi             = {10.1109/ACCESS.2015.2433937},
}

@book{Spong,
title = {Robot Modeling and Control},
author = {Mark W. Spong, Seth Hutchinson and M. Vidyasagar}, 
edition = {1},
publisher = {Wiley},
year = {2005}
}

@misc{MATLAB,
title = {MATLAB R2020a},
year = {2020},
author = {{MathWorks Inc.}}
}

@book{RoboCorke,
author = {Peter Corke},
title = {Robotics,Vision and Control},
year = {2017},
editor = {Springer Science and Business Media},
URL = {https://petercorke.com/toolboxes/robotics-toolbox/}
}

@misc{CeldaCarga,
title = {How should we select a load cell?},
author = {A and D},
url = {https://aandd.jp/products/weighing/loadcell/introduction/loadcells_qa_08.html},
note = {Accessed: Dec. 22, 2020}
}

@book{Mott,
title = {Design Elements in Mechanical Design},
author = {Robert L. Mott, Edward M. Vavrek and Jyhwen Wang},
edition = {6},
year = {2018},
editor = {Pearson}
}

@manual{BandasSDP,
title = {Timing belts, pulleys, chains and sprockets},
author = {{Stock Drive Products / Sterling Instrument}}
}

@book{Potencia,
title = {Power Electronics Handbook},
author = {Muhammad H. Rashid},
year={2001},
editor={Academic Press}
}

@book{Ashby,
title={Materials Selection in Mechanical Design},
author={Michael F. Ashby},
year={2011},
editor={Elsevier},
edition={4}
}

@misc{PotenciaWeb,
title={Linear vs Switching Regulators},
URL={{https://www.renesas.com/us/en/products/power-management/linear-vs-switching-regulators.html}},
author={Renesas Electronics}
}

@book{BandasSDPSI,
title = {Handbook of Timing Belts, Pulleys, Chains and Sprockets},
author = {{Stock Drive Products / Sterling Instrument}}
}

@misc{PoleasSDPSI,
author = {Handbook of Timing Belts, Pulleys, Chains and Sprockets},
title = {Timing Belt Pulleys for Small Power Transmission Applications},
url = {https://www.sdp-si.com/products/Timing-Belt-Pulleys/},
note = {Accessed: Dec. 22, 2020}
}

@misc{MITDyn,
title = {15. Introduction to Lagrange With Examples},
author = {MIT OpenCourseWare},
url = {https://www.youtube.com/watch?v=zhk9xLjrmi4&feature=youtu.be&t=879}
}

@misc{CablEner,
author = {Enerdrive},
title = {Cable Sizing Selection Chart},
url = {https://enerdrive.com.au/wp-content/uploads/2020/07/cable-table-web.jpg},
note = {Accessed: Dec. 22, 2020}
}

@book{VISHUIT,
author = {Enrique A. Gutierrez, Gonzalo P. Martisanz, Arturo de la E. Hueso},
title = {Conceptos y metodos en Vision por Computador},
year = {2016},
publisher = {{Grupo de vision del CEA}}
}

@book{Trazabilidad,
title = {Requirements engineering},
author = {{E. Hull, K. Jackson and J. Dick}},
publisher = {Springer Science and Business Media},
year = {2011},
edition = {3}
}

@TechReport{eFFBD,
author = {C. Seidner and O.H. Roux},
title = {{On the Formal Verification of eFFBD Models Using a Structural Translation to Time Petri Nets}},
institution = {Universit\'e de Nantes},
year = {2007},
OPTnumber = {RI2007-3 3695}
}

@article{AHP,
title = {Decision making with the analytic hierarchy process},
author = {T. L. Saaty},
year = {2008},
journal = {International journal of
services sciences}
}

@book{FEASolid,
author = {J.E. Akin},
title = {Finite Element Analysis Concepts
via SolidWorks},
year = {2009},
publisher = {Rice University, Texas}
}

@misc{SKF,
title = {Rolling bearings},
author = {SKF},
url = {https://www.skf.com/us/products/rolling-bearings},
note = {Accessed: Dec. 22, 2020}
}

@misc{GUIARM,
title = {10 Steps to Selecting a Microcontroller},
author = {arm Community},
url = {https://community.arm.com/developer/ip-products/system/b/embedded-blog/posts/10-steps-to-selecting-a-microcontroller},
note = {Accessed: Dec. 22, 2020}
}

@manual{ARMCM,
title = {ARM Cortex-M for Beginners},
author = {J. Yiu},
year = {2017},
publisher = {ARM}
}

@misc{FUENTE350,
title = {350W Switching Power Supply},
author = {Yueqing Mingwei Electric Co.,LTD.},
url = {http://yqmiwi.com/a/Product/Single_output_series/S_series/2014/1115/44.html},
note = {Accessed: Dec. 22, 2020}
}

@misc{FUENTE500,
title = {500W Switching Power Supply},
author = {Yueqing Mingwei Electric Co.,LTD.},
url = {http://yqmiwi.com/a/Product/Single_output_series/S_series/2014/1127/107.html},
note = {Accessed: Dec. 22, 2020}
}

@book{Buede,
author = {D. M. Buede and W. D. Miller},
title = {The engineering design of systems: models and methods.},
publisher = {John Wiley and Sons},
year = {2016}
}

@misc{Mat3D,
author = {TRIDI MX},
title = {Guia para elegir materiales 3D},
url = {https://www.tridimx.com/materiales/},
note = {Accessed: Dec. 22, 2020}
}

@misc{IPS2020,
author = {{80/20 Inc.}},
title = {Part No. 20-2020},
url = {https://8020.net/20-2020.html},
note = {Accessed: Dec. 22, 2020}
}

@conference{ANT1,
  author          = {Furrer F., Wermelinger M., Yoshida H. and Gramazio F.},
  title           = {Autonomous robotic stone stacking with online next best object target pose planning.},
  year            = {2017},
  doi             = {10.1109/ICRA.2017.7989272},
  booktitle       = {2017 IEEE International Conference on Robotics and Automation (ICRA)},
  editor          = {IEEE}
}

@misc{ANT2,
author = {Clearpath Robotics},
title = {UR3e},
year = {2019},
url = {https://store.clearpathrobotics.com/products/ur3e?_pos=2&_sid=da3af4811&_ss=r},
note = {Accessed: May 17, 2019}
}

@misc{ANT3,
author = {Robotiq},
title  = {3-Finger Adaptive Robot Gripper - Robotiq},
year   = {2019},
url    = {https://robotiq.com/products/3-finger-adaptive-robot-gripper?ref=nav_product_new_button},
note = {Accessed: May 17, 2019}
}

@thesis{ANT4,
title  = {Master Thesis: Design of a smart gripper for industrial applications},
author = {Aparisi Albert},
year   = {2016},
note = {{Tampere University of Technology}}
}

@article{ANT5,
author = {Viscarra Rossel R., Cattle S., Ortega A. and Fouad Y.},
title = {In situ measurements of soil colour, mineral composition and clay content by vis NIR spectroscopy.},
journal = {Geoderma},
year = {2009}
}

@misc{ShiffmanKinect,
  author       = {Dan Shiffman},
  title        = {OpenKinect for Processing},
  howpublished = {GitHub repository},
  url          = {https://github.com/shiffman/OpenKinect-for-Processing},
  year         = {2018},
  note         = {Accessed: Dec. 22, 2020}
}

@misc{FisherKinect,
  author       = {Matthew Fisher},
  title        = {Matt's Webcorner - Kinect Sensor Programming},
  url          = {http://graphics.stanford.edu/~mdfisher/Kinect.html},
  year         = {2014},
  note         = {Accessed: Dec. 22, 2020}
}

@misc{mbedCompiler,
  author       = {arm MBED},
  title        = {mbed Compiler Handbook},
  year         = {https://os.mbed.com/handbook/mbed-Compiler}
}

@misc{ProcessingXD,
  author       = {Ben Fry, Casey Reas, MIT},
  title        = {Processing.org},
  url          = {https://processing.org/},
  year         = {2003},
  note         = {Accessed: Dec. 22, 2020}
}

@manual{Nucleo446RE,
  title        = {NUCLEO-F446RE},
  author       = {arm MBED},
  url          = {https://os.mbed.com/platforms/ST-Nucleo-F446RE/},
  year         = {2021},
  note         = {Accessed: Dec. 22, 2020}
}

@book{Ogata,
  author         = {Katsuhiko Ogata},
  title          = {Modern Control Engineering},
  publisher      = {Pearson},
  year           = {2002},
  edition        = {4}
}

@misc{NucleoPeripheralPins,
  author       = {arm MBED},
  title        = {{NUCLEO-F446RE Peripheral Pins}},
  url          = {https://github.com/ARMmbed/mbed-os/blob/master/targets/TARGET_STM/TARGET_STM32F4/TARGET_STM32F446xE/TARGET_NUCLEO_F446RE/PeripheralPins.c},
  year         = {2021},
  note         = {Accessed: Dec. 22, 2020}
}